%categorias de la inteligencia artificial
@misc{catinteligencia2013,
  author = {{Gómez et al.}},
  year={2013},
  title = {Categorías de la Inteligencia Artificial},
	howpublished = "url={www.inteligenciaartificialgrupo7.blogspot.com/2013/02/categorias-de-la-inteligencia-artificial.html}",
	note={[Online; accedado Octubre 01, 2019]}
	}
% muestreo por conveniencia.
@article{otzen2017tecnicas,
  title={T{\'e}cnicas de Muestreo sobre una Poblaci{\'o}n a Estudio},
  author={Otzen, Tamara and Manterola, Carlos},
  journal={International Journal of Morphology},
  volume={35},
  number={1},
  pages={227--232},
  year={2017},
  publisher={Sociedad Chilena de Anatom{\'\i}a}
}

%red neuronal imagen
@misc{redneuronalimagen,
  author = {{Erlinb}},
  year={2017},
  title = {Redes Neuronales: Conceptos Básicos y Aplicaciones},
	howpublished = "url={www.perfectcodex.com/redneuronal/2017/12/27/conceptos-basicos/}",
	note={[Online; accedado Octubre 01, 2019]}
	}
	
%ecuacion de backpropagation
@misc{ecuBack,
  author = {{Michael A. Nielsen}},
  year={2015},
  title = {Redes neuronales y aprendizaje profundo: Cómo funciona el algoritmo de backpropagation},
	howpublished = "url={www.neuralnetworksanddeeplearning.com/chap2.html}",
	note={[Online; accedado Octubre 01, 2019]}
}
%inteligencia artificial
@incollection{mccarthy1989artificial,
  title={Artificial intelligence, logic and formalizing common sense},
  author={McCarthy, John},
  booktitle={Philosophical logic and artificial intelligence},
  pages={161--190},
  year={1989},
  publisher={Springer}
}

%Metodología CommondKADS
@article{lagos2002commonkads,
  title={CommonKADS y el Lenguaje de Modelado Unificado {\oe} UML},
  author={Lagos, Pedro Salcedo},
  journal={Ingenier{\'\i}a inform{\'a}tica},
  pages={4},
  year={2002},
  publisher={Departamento de Ingenier{\'\i}a Inform{\'a}tica y Ciencias de la Computaci{\'o}n}
}
%Regresion lineal multiple
@book{pat2013introduccion,
  title={Introducci{\'o}n a los modelos de regresi{\'o}n},
  author={Pat Fern{\'a}ndez, Lucio Alberto and Menchaca, Mart{\'\i}nez and Fern{\'a}ndez, Pat and Mart{\'\i}nez Luis, Davidcoaut and others},
  number={EE/519.536 I5},
  year={2013}
}
%Python
@article{rossum1995python,
  title={Python reference manual},
  author={Rossum, Guido},
  year={1995},
  publisher={CWI (Centre for Mathematics and Computer Science)}
}
%Tensorflow
@article{dillon2017tensorflow,
  title={Tensorflow distributions},
  author={Dillon, Joshua V and Langmore, Ian and Tran, Dustin and Brevdo, Eugene and Vasudevan, Srinivas and Moore, Dave and Patton, Brian and Alemi, Alex and Hoffman, Matt and Saurous, Rif A},
  journal={arXiv preprint arXiv:1711.10604},
  year={2017}
}

@misc{Jacqueline2010,
  author = {{Jacqueline Wigodski}},
  year = {2010},
  title = {Población y muestra},
	howpublished = "url={http://metodologiaeninvestigacion.blogspot.pe/2010/07/poblacion-y-muestra.html}",
	note={[Online; accedado Octubre 03, 2019]}
}

@misc{Belzebu2009,
  author = {Belzebu Dark Prince},
  year = {2009},
  title = {Inteligencia Artificial. ¿Qué es?},
	howpublished = "url={http://inteligencia-artificial-delabarrita.blogspot.pe/2009/10/en-que-consiste-y-en-que-se-fundamenta.html}",
	note={[Online; accedado Octubre 04, 2019]}
}

@misc{wikipedia2017,
  author = {Wikipedia},
  year = {2017},
  title = {Inteligencia Artificial},
	howpublished = "url={https://es.wikipedia.org/wiki/Inteligencia_artificial}",
	note={[Online; accedado Octubre 04, 2019]}
}

@misc{categorias2013,
  author = {Rosmary Gómez, Stefany Henríquez y Robert Obregón},
  year = {2013},
  title = {Categorías de la inteligencia artificial},
  howpublished = "url={http://inteligenciaartificialgrupo7.blogspot.pe/2013/02/categorias-de-la-inteligencia-artificial.html }"},
  note={[Online; accedado Octubre 04, 2019]}

@misc{Alejandro2017,
  author = {Alejandro Cruz},
  year = {2012},
  title = {Definiciones de sistemas inteligentes y 5 ejemplos de sistemas inteligentes},
	howpublished = "url={http://www.academia.edu/10376257/Definiciones-de-sistemas-inteligentes-y-5-ejemplos-de-sistemas-inteligentes }",
	note={[Online; accedado Octubre 05, 2019]}
}

@article{Goldberg1989,
  title={Genetic Algorithms in Search, Optimization and Machine Learning},
  author={Holland, JH and Goldberg, D},
  journal={ed: Addison-Wesley, Reading, MA},
  year={1989}
}


@inproceedings{estivill2000,
  title={Hybrid genetic algorithms are better for spatial clustering},
  author={Estivill-Castro, Vladimir},
  booktitle={Pacific Rim International Conference on Artificial Intelligence},
  pages={424--434},
  year={2000},
  organization={Springer}
}

@article{holland1975,
  title={Adaptation in natural and artificial systems. An introductory analysis with application to biology, control, and artificial intelligence},
  author={Holland, John H},
  journal={Ann Arbor, MI: University of Michigan Press},
  year={1975}
}

@book{cole1998,
  title={Clustering with genetic algorithms},
  author={Cole, Rowena Marie},
  year={1998},
  publisher={Citeseer}
}

@article{miller1996,
  title={Genetic algorithms, selection schemes, and the varying effects of noise},
  author={Miller, Brad L and Goldberg, David E},
  journal={Evolutionary Computation},
  volume={4},
  number={2},
  pages={113--131},
  year={1996},
  publisher={MIT Press}
}

@article{marronejoone2007,
  title={Joone: Java Object Oriented Neural Engine-The Complete Guide},
  author={Marrone, Paolo},
  journal={URL http://www. joone. org},
  year={2007}
}

@article{ApacheMavenProject,
  title={Apache Maven Project, 2019},
  author={The Apache Software Foundation},
  journal={URL https://maven.apache.org/},
  year={2019}
}

@article{paredes2006introduccion,
  title={Introducci{\'o}n a la Criptograf{\'\i}a},
  author={Paredes, Gibr{\'a}n Granados},
  journal={Revista digital universitaria},
  volume={7},
  number={7},
  pages={1--17},
  year={2006}
}

@article{sotolongo2001aplicaciones,
  title={Aplicaciones de las redes neuronales. El caso de la Bibliometr{\'\i}a},
  author={Sotolongo-Aguilar, Gilberto and Guzm{\'a}n-S{\'a}nchez, Mar{\'\i}a Victoria},
  journal={Ciencias de la Informaci{\'o}n},
  volume={32},
  number={1},
  pages={27--34},
  year={2001}
}

@article{matich2001redes,
  title={Redes Neuronales: Conceptos b{\'a}sicos y aplicaciones},
  author={Matich, Dami{\'a}n Jorge},
  journal={Universidad Tecnol{\'o}gica Nacional, M{\'e}xico},
  year={2001}
}

@article{muntintroduccion,
  title={Introducci{\'o}n a los modelos de redes neuronales artificiales El Perceptr{\'o}n simple y multicapa},
  author={Munt, Alba Morera},
  journal={Universidad de Zaragoza, España},
  year={2018}
}

@article{betancourt2005maquinas,
  title={Las m{\'a}quinas de soporte vectorial (SVMs)},
  author={Betancourt, Gustavo A},
  journal={Scientia et technica},
  volume={1},
  number={27},
  year={2005}
}

@article{suarez2014,
  title={Tutorial sobre m{\'a}quinas de vectores soporte (sVM)},
  author={Su{\'a}rez, Enrique J Carmona},
  journal={Tutorial sobre M{\'a}quinas de Vectores Soporte (SVM)},
  year={2014}
}

@phdthesis{morales2007clasificacion,
  title={Clasificaci{\'o}n autom{\'a}tica de textos considerando el estilo de redacci{\'o}n},
  author={Morales, Rosa Mar{\'\i}a Coyotl and Maria, Rosa},
  year={2007},
  school={Instituto Nacional de Astrof{\'\i}sica, {\'O}ptica y Electr{\'o}nica}
}

@phdthesis{leyto2009,
  title={Enfoque Integrado de Redes Neuronales y Algoritmos Gen{\'e}ticos para la Categorizaci{\'o}n de Documentos},
  author={Bertha Karina Leyto Delgado},
  year={2009},
  school={Centro de Investigaci{\'o}n y de Estudios Avanzados del Instituto Polit{\'e}cnico Nacional}
}

@phdthesis{Campillo2010,
  title={Sistema de gesti{\'o}n integral de documentos de archivos para empresas de construcci{\'o}n de territorio de Camag{\¨o}ey},
  author={Campillo Torres, Irima},
  year={2010},
  school={Universidad de Granada}
}

@article{betancourt2005,
  title={Las m{\'a}quinas de soporte vectorial (SVMs)},
  author={Betancourt, Gustavo A},
  journal={Scientia et technica},
  volume={1},
  number={27},
  year={2005}
}


@mastersthesis{agualongo2016sistema,
  title={Sistema de automatizaci{\'o}n para el control administrativo del Departamento de Pr{\'a}ctica Pre-Profesional del Colegio Menor Universidad Central del Ecuador.},
  author={Agualongo Reinoso, Andr{\'e}s Daniel and Pucha Viscaino, Luis Fernando},
  type={{B.S.} thesis},
  year={2016},
  school={Quito: UCE}
}

@mastersthesis{franco2015desarrollo,
  title={Desarrollo e implementaci{\'o}n de un sistema de gesti{\'o}n documental para uso interno de soproma (Generaci{\'o}n y Digitalizaci{\'o}n de Documentos).},
  author={Franco Torres, Andr{\'e}s},
  type={{B.S.} thesis},
  year={2015},
  school={Quito: UCE}
}

@article{PedroFlores2009,
  title={Una metodolog{\'i}a basada en Algoritmos Gen{\'e}ticos Autoadaptables para la construcci{\'o}n de modelos lineales para Series de Tiempo y Funciones de Transferencia Discretas},
  author={Flores P{\'e}rez, Pablo},
  journal={Universidad Aut{\'o}noma del estado de Hidalgo},
  year={2009}
}

@article{castillo2010nueva,
  title={Nueva propuesta evolutiva para el agrupamiento de documentos en sistemas de recuperaci{\'o}n de informaci{\'o}n},
  author={Castillo Sequera, Jos{\'e} Luis and others},
  year={2010},
  journal={Universidad de Alcal{\'a}}
}

@article{santamaria2017microsoft,
  title={Microsoft SQL Server},
  author={Santamar{\'\i}a, Jose and Hern{\'a}ndez, Javier},
  journal={Caracter{\'\i}sticas de Microsoft SQL Server},
  year={2017}
}

@article{dabbura2017gradient,
  title={Gradient descent algorithm and its variants},
  author={Dabbura, Imad},
  journal={Retrieved from towardsdatascience. com: https://towardsdatascience. com/gradient-descent-algorithm-and-itsvariants-10f652806a3},
  year={2017}
}

@article{dong2008learning,
  title={Learning gradients by a gradient descent algorithm},
  author={Dong, Xuemei and Zhou, Ding-Xuan},
  journal={Journal of Mathematical Analysis and Applications},
  volume={341},
  number={2},
  pages={1018--1027},
  year={2008},
  publisher={Elsevier}
}

@article{jordan2018setting,
  title={Setting the learning rate of your neural network},
  author={Jordan, Jeremy},
  journal={Jeremy’s Blog, Jeremy’s Blog},
  volume={3},
  year={2018}
}

@article{kingma2014adam,
  title={Adam: A method for stochastic optimization},
  author={Kingma, Diederik P and Ba, Jimmy},
  journal={arXiv preprint arXiv:1412.6980},
  year={2014}
}

@article{moore2001cross,
  title={Cross-validation for detecting and preventing overfitting},
  author={Moore, Andrew W},
  journal={School of Computer Science Carneigie Mellon University},
  year={2001}
}

@article{romero2015a,
  title={Scc0270/scc5809 - redes neurais - deep learning},
  author={Romero, R. F.},
  journal={ICMC - USP},
  year={2015a}
}

@article{romero2015b,
  title={Scc0270/scc5809 - redes neurais - multilayer perceptron},
  author={Romero, R. F.},
  journal={ICMC - USP},
  year={2015a}
}

@inproceedings{golik2013cross,
  title={Cross-entropy vs. squared error training: a theoretical and experimental comparison.},
  author={Golik, Pavel and Doetsch, Patrick and Ney, Hermann},
  booktitle={Interspeech},
  volume={13},
  pages={1756--1760},
  year={2013}
}

@book{bishop2006pattern,
  title={Pattern recognition and machine learning},
  author={Bishop, Christopher M},
  year={2006},
  publisher={springer}
}

@article{azabache2013,
  title={Desarrollo de un agente inteligente ontol{\'o}gico para la clasificaci{\'o}n y recuperaci{\'o}n de informaci{\'o}n textual de documentos},
  author={Azabache Paredes, Javier Eduardo},
  journal={Universidad Nacional de Trujillo},
  year={2013}
}

@article{cerron2013,
  title={An{\'a}lisis inteligente de datos con redes neuronales artificiales para la determinaci{\'o}n de factores que influyen en el comportamiento de las atenciones médicas realizadas al usuario externo del hospital regional docente materno infantil el Carmen},
  author={Cerr{\'o}n P{\'e}rez, Jos{\'e} Luis},
  journal={Universidad Nacional del Centro del Per{\'u}},
  year={2013}
}
%imagen de Métodos de clasificación automática de documentos
@article{he1999review,
  title={A review of clustering algorithms as applied in IR},
  author={He, Qin},
  journal={Graduate School of Library and {\.I}nformation Science University of {\.I}llinois at Urbana-Compaign},
  volume={6},
  pages={1--33},
  year={1999}
}
%Representación vectorial
@inproceedings{steinbach2000comparison,
  title={A comparison of document clustering techniques},
  author={Steinbach, Michael and Karypis, George and Kumar, Vipin and others},
  booktitle={KDD workshop on text mining},
  pages={525--526},
  year={2000},
  organization={Boston}
}
%Representación vectorial
@techreport{faloutsos1998survey,
  title={A survey of information retrieval and filtering methods},
  author={Faloutsos, Christos and Oard, Douglas W},
  year={1998},
  institution={Technical Report CS-TR3514},
  journal={University of MAryland}
}

@article{jain1999data,
  title={Data clustering: a review},
  author={Jain, Anil K and Murty, M Narasimha and Flynn, Patrick J},
  journal={ACM computing surveys (CSUR)},
  volume={31},
  number={3},
  pages={264--323},
  year={1999},
  publisher={Acm}
}
%Clasificación jerárquica
@article{yolis2003algoritmos,
  title={Algoritmos gen{\'e}ticos aplicados a la categorizaci{\'o}n autom{\'a}tica de documentos},
  author={Yolis, Eugenio and Britos, P and Perichisky, G and Garc{\'\i}a-Mart{\'\i}nez, R},
  journal={Revista Eletr{\^o}nica de Sistemas de Informa{\c{c}}{\~a}o},
  volume={2},
  number={2},
  year={2003}
}
%Métodos aglomerativos
@inproceedings{dash2001efficient,
  title={Efficient hierarchical clustering algorithms using partially overlapping partitions},
  author={Dash, Manoranjan and Liu, Huan},
  booktitle={Pacific-Asia Conference on Knowledge Discovery and Data Mining},
  pages={495--506},
  year={2001},
  organization={Springer}
}
%Métodos divisivos:
@techreport{fasulo1999analysis,
  title={An analysis of recent work on clustering algorithms},
  author={Fasulo, Daniel},
  year={1999},
  institution={Technical report}
}
%Vecino cercano
@book{cole1998clustering,
  title={Clustering with genetic algorithms},
  author={Cole, Rowena Marie},
  year={1998},
  publisher={University of Western Australia}
}
% Clasificación particional
@article{han2001spatial,
  title={Spatial clustering methods in data mining},
  author={Han, Jiawei and Kamber, Micheline and Tung, Anthony KH},
  journal={Geographic data mining and knowledge discovery},
  pages={188--217},
  year={2001},
  publisher={Cambridge University Press}
}
% La selección inicial de los representantes
@inproceedings{bradley1998refining,
  title={Refining Initial Points for K-Means Clustering.},
  author={Bradley, Paul S and Fayyad, Usama M},
  booktitle={ICML},
  volume={98},
  pages={91--99},
  year={1998},
  organization={Citeseer}
}
%La selección inicial de los representantes
@inproceedings{cutting1992scatter,
  title={Scatter/gather: A cluster-based approach to browsing large document collections},
  author={Cutting, Douglass R and Karger, David R and Pedersen, Jan O and Tukey, John W},
  booktitle={Proceedings of the 15th annual international ACM SIGIR conference on Research and development in information retrieval},
  pages={318--329},
  year={1992},
  organization={ACM}
}
%Los criterios de optimización
@article{zhao2001criterion,
  title={Criterion functions for document clustering: Experiments and analysis},
  author={Zhao, Ying and Karypis, George},
  year={2001},
  journal={Department of Computer Science, University of
Minnesota.},
  publisher={Citeseer}
}
%Perceptron
@misc{perceptron2017,
  author = {{Espitia Corredor, Daniel Eduardo}},
  year = {2017},
  title = {Entrenamiento del perceptron},
	howpublished = "url={www.platzi.com/tutoriales/1352-ia/2619-entrenamiento-del-perceptron/}",
	note={[Online; accedado Octubre 06, 2019]}
	}
	
%algoritmo k means
@inproceedings{macqueen1967some,
  title={Some methods for classification and analysis of multivariate observations},
  author={MacQueen, James and others},
  booktitle={Proceedings of the fifth Berkeley symposium on mathematical statistics and probability},
  pages={281--297},
  year={1967},
  organization={Oakland, CA, USA}
}

@book{freeman1991neural,
  title={Neural networks: algorithms, applications, and programming techniques},
  author={Freeman, James A and Skapura, David M},
  year={1991},
  publisher={Addison Wesley Longman Publishing Co., Inc.}
}